<?xml version="1.0" encoding="UTF-8"?><collection xmlns="http://www.loc.gov/MARC21/slim"><record><leader>00416nam--2200145-i-4500</leader><controlfield tag="001">000042274</controlfield><controlfield tag="002">20161230</controlfield><controlfield tag="005">20161230201043</controlfield><controlfield tag="008">060222s1000------------r-----000-0-eng-d</controlfield><datafield ind1=" " ind2=" " tag="080"><subfield code="a">531</subfield></datafield><datafield ind1=" " ind2=" " tag="100"><subfield code="a">Soos,E. Si Teodosiu,C</subfield></datafield><datafield ind1=" " ind2=" " tag="245"><subfield code="a">Calculul tensorial cu aplicatii in mecanica solidelor</subfield></datafield><datafield ind1=" " ind2=" " tag="260"><subfield code="a">Bucuresti, Ed.St.Si Enciclopedica, 1983. 245 P</subfield></datafield><datafield ind1=" " ind2=" " tag="852"><subfield code="a">71260</subfield><subfield code="c">512.94:512.972</subfield></datafield><datafield ind1=" " ind2=" " tag="CAT"><subfield code="a">Sys</subfield><subfield code="c">20080526</subfield><subfield code="h">120835</subfield></datafield></record></collection>